<record><leader>00000cas a2200000 a 4500</leader><controlfield tag="001">5333132</controlfield><controlfield tag="008">790901d19751977njuer ne      0   a0eng d</controlfield><datafield ind1=" " ind2=" " tag="010"><subfield code="a">sn 87060226 </subfield></datafield><datafield ind1=" " ind2=" " tag="040"><subfield code="a">MUL</subfield><subfield code="b">eng</subfield><subfield code="c">MUL</subfield><subfield code="d">KNP</subfield><subfield code="d">MQN</subfield><subfield code="d">NVK</subfield><subfield code="d">OCL</subfield><subfield code="d">OCLCQ</subfield><subfield code="d">OCLCF</subfield><subfield code="d">OCLCO</subfield></datafield><datafield ind1="1" ind2=" " tag="029"><subfield code="a">AU@</subfield><subfield code="b">000025835196</subfield></datafield><datafield ind1=" " ind2=" " tag="042"><subfield code="a">msc</subfield></datafield><datafield ind1="0" ind2="0" tag="245"><subfield code="a">National courier.</subfield></datafield><datafield ind1=" " ind2=" " tag="260"><subfield code="a">Plainfield, N.J. :</subfield><subfield code="b">Logos International Fellowship,</subfield><subfield code="c">1975-1977.</subfield></datafield><datafield ind1=" " ind2=" " tag="300"><subfield code="a">v. :</subfield><subfield code="b">ill.</subfield></datafield><datafield ind1=" " ind2=" " tag="310"><subfield code="a">Biweekly</subfield></datafield><datafield ind1="0" ind2=" " tag="362"><subfield code="a">Vol. 1, no. 1 (Oct. 7, 1975)-v. 2, no. 26 (Sept. 16, 1977).</subfield></datafield><datafield ind1=" " ind2=" " tag="500"><subfield code="a">"America's Christian newspaper."</subfield></datafield><datafield ind1=" " ind2="0" tag="650"><subfield code="a">Evangelistic work</subfield><subfield code="v">Newspapers.</subfield></datafield><datafield ind1=" " ind2="0" tag="651"><subfield code="a">Plainfield (N.J.)</subfield><subfield code="v">Newspapers.</subfield></datafield><datafield ind1=" " ind2="7" tag="655"><subfield code="a">Newspapers.</subfield><subfield code="2">fast</subfield><subfield code="0">(OCoLC)fst01423814</subfield></datafield><datafield ind1=" " ind2="7" tag="650"><subfield code="a">Evangelistic work.</subfield><subfield code="2">fast</subfield><subfield code="0">(OCoLC)fst00917035</subfield></datafield><datafield ind1=" " ind2="7" tag="651"><subfield code="a">New Jersey</subfield><subfield code="z">Plainfield.</subfield><subfield code="2">fast</subfield><subfield code="0">(OCoLC)fst01220232</subfield></datafield><datafield ind1="2" ind2=" " tag="710"><subfield code="a">Logos International Fellowship.</subfield></datafield><datafield ind1=" " ind2=" " tag="752"><subfield code="a">United States</subfield><subfield code="b">New Jersey</subfield><subfield code="c">Union</subfield><subfield code="d">Plainfield.</subfield></datafield></record>